@inproceedings{moore2011facebooking,
  title={Facebooking citizen science with the Zooniverse},
  author={Moore, Joseph and Gay, PL and Hogan, K and Lintott, C and Impey, C and Watson, C},
  booktitle={Bulletin of the American Astronomical Society},
  volume={43},
  pages={15813},
  year={2011}
}
@book{mcgonigal2011reality,
  title={Reality Is Broken: Why Games Make Us Better and How They Can Change the World},
  author={McGonigal, J.},
  isbn={9781101475492},
  url={http://books.google.co.uk/books?id=yiOtN\_kDJZgC},
  year={2011},
  publisher={Penguin Group US}
}
